@inproceedings{bradytfp07,
  author = {Edwin Brady and James McKinna and Kevin Hammond},
  year = 2007,
  title = {Constructing Correct Circuits: Verification of Functional Aspects of
      Hardware Specifications with Dependent Types},
  booktitle = {{Trends in Functional Programming (TFP '07)}},
}

@inproceedings{Coq2005,
author = {Gregoire, Benjamin and Mahboubi, Assia},
booktitle = {{Theorem Proving in Higher Order Logics (TPHOLS 2005)}},
file = {:Users/edwin/Documents/Mendeley Desktop/Gregoire, Mahboubi/Proving Equalities in a Commutative Ring Done Right in Coq/Gregoire, Mahboubi - Proving Equalities in a Commutative Ring Done Right in Coq - 2005.pdf:pdf},
pages = {98----113},
title = {{Proving Equalities in a Commutative Ring Done Right in Coq}},
url = {http://citeseerx.ist.psu.edu/viewdoc/summary?doi=10.1.1.61.3041},
year = {2005}
}

@article{brady2013idris,
author = {Edwin Brady},
title = {Idris, a general-purpose dependently typed programming language: Design and implementation},
journal = {Journal of Functional Programming},
volume = {23},
issue = {05},
month = {September},
year = {2013},
issn = {1469-7653},
pages = {552--593},
numpages = {42},
doi = {10.1017/S095679681300018X},
URL = {http://journals.cambridge.org/article_S095679681300018X},
}
@inproceedings{How80,
    author = {W.A. Howard},
    year = 1980,
    title = {The formulae-as-types notion of construction},
    booktitle = {{To H. B. Curry: Essays on Combinatory Logic, Lambda Calculus, and Formalism}},
    editor = {J.R. Seldin and J.P. Hindley}
}

@article{Dowek03,
  author    = {Gilles Dowek and
               Th{\'{e}}r{\`{e}}se Hardin and
               Claude Kirchner},
  title     = {Theorem Proving Modulo},
  journal   = {J. Autom. Reasoning},
  volume    = {31},
  number    = {1},
  pages     = {33--72},
  year      = {2003},
  url       = {http://dx.doi.org/10.1023/A:1027357912519},
  doi       = {10.1023/A:1027357912519},
  timestamp = {Wed, 04 Feb 2004 12:32:54 +0100},
  biburl    = {http://dblp.uni-trier.de/rec/bib/journals/jar/DowekHK03},
  bibsource = {dblp computer science bibliography, http://dblp.org}
}
