@inproceedings{DBLP:conf/plpv/Brady13,
  author    = {Edwin Brady},
  title     = {Idris: general purpose programming with dependent types},
  booktitle = {Proceedings of the 7th Workshop on Programming languages meets program
               verification, {PLPV} 2013, Rome, Italy, January 22, 2013},
  pages     = {1--2},
  year      = {2013},
  crossref  = {DBLP:conf/plpv/2013},
  url       = {http://doi.acm.org/10.1145/2428116.2428118},
  doi       = {10.1145/2428116.2428118},
  timestamp = {Fri, 27 Sep 2013 20:12:08 +0200},
  biburl    = {http://dblp.uni-trier.de/rec/bib/conf/plpv/Brady13},
  bibsource = {dblp computer science bibliography, http://dblp.org}
}

@proceedings{DBLP:conf/plpv/2013,
  editor    = {Matthew Might and
               David Van Horn and
               Andreas Abel and
               Tim Sheard},
  title     = {Proceedings of the 7th Workshop on Programming languages meets program
               verification, {PLPV} 2013, Rome, Italy, January 22, 2013},
  publisher = {{ACM}},
  year      = {2013},
  url       = {http://dl.acm.org/citation.cfm?id=2428116},
  isbn      = {978-1-4503-1860-0},
  timestamp = {Fri, 27 Sep 2013 20:12:08 +0200},
  biburl    = {http://dblp.uni-trier.de/rec/bib/conf/plpv/2013},
  bibsource = {dblp computer science bibliography, http://dblp.org}
}



@inproceedings{Coq2005,
author = {Gregoire, Benjamin and Mahboubi, Assia},
booktitle = {{Theorem Proving in Higher Order Logics (TPHOLS 2005)}},
file = {:Users/edwin/Documents/Mendeley Desktop/Gregoire, Mahboubi/Proving Equalities in a Commutative Ring Done Right in Coq/Gregoire, Mahboubi - Proving Equalities in a Commutative Ring Done Right in Coq - 2005.pdf:pdf},
pages = {98----113},
title = {{Proving Equalities in a Commutative Ring Done Right in Coq}},
url = {http://citeseerx.ist.psu.edu/viewdoc/summary?doi=10.1.1.61.3041},
year = {2005}
}

@article{brady2013idris,
author = {Edwin Brady},
title = {Idris, a general-purpose dependently typed programming language: Design and implementation},
journal = {Journal of Functional Programming},
volume = {23},
issue = {05},
month = {September},
year = {2013},
issn = {1469-7653},
pages = {552--593},
numpages = {42},
doi = {10.1017/S095679681300018X},
URL = {http://journals.cambridge.org/article_S095679681300018X},
}
@inproceedings{How80,
    author = {W.A. Howard},
    year = 1980,
    title = {The formulae-as-types notion of construction},
    booktitle = {{To H. B. Curry: Essays on Combinatory Logic, Lambda Calculus, and Formalism}},
    editor = {J.R. Seldin and J.P. Hindley}
}

@article{Dowek03,
  author    = {Gilles Dowek and
               Th{\'{e}}r{\`{e}}se Hardin and
               Claude Kirchner},
  title     = {Theorem Proving Modulo},
  journal   = {J. Autom. Reasoning},
  volume    = {31},
  number    = {1},
  pages     = {33--72},
  year      = {2003},
  url       = {http://dx.doi.org/10.1023/A:1027357912519},
  doi       = {10.1023/A:1027357912519},
  timestamp = {Wed, 04 Feb 2004 12:32:54 +0100},
  biburl    = {http://dblp.uni-trier.de/rec/bib/journals/jar/DowekHK03},
  bibsource = {dblp computer science bibliography, http://dblp.org}
}

@book{BertotC04,
  author    = {Yves Bertot and
               Pierre Cast{\'{e}}ran},
  title     = {Interactive Theorem Proving and Program Development - Coq'Art: The
               Calculus of Inductive Constructions},
  series    = {Texts in Theoretical Computer Science. An {EATCS} Series},
  publisher = {Springer},
  year      = {2004},
  url       = {http://dx.doi.org/10.1007/978-3-662-07964-5},
  doi       = {10.1007/978-3-662-07964-5},
  isbn      = {978-3-642-05880-6},
  timestamp = {Wed, 09 Sep 2015 16:46:05 +0200},
  biburl    = {http://dblp.uni-trier.de/rec/bib/series/txtcs/BertotC04},
  bibsource = {dblp computer science bibliography, http://dblp.org}
}

@inproceedings{Ziliani13,
  author    = {Beta Ziliani and
               Derek Dreyer and
               Neelakantan R. Krishnaswami and
               Aleksandar Nanevski and
               Viktor Vafeiadis},
  title     = {Mtac: a monad for typed tactic programming in Coq},
  booktitle = {{ACM} {SIGPLAN} International Conference on Functional Programming,
               ICFP'13, Boston, MA, {USA} - September 25 - 27, 2013},
  pages     = {87--100},
  year      = {2013},
  crossref  = {DBLP:conf/icfp/2013},
  url       = {http://doi.acm.org/10.1145/2500365.2500579},
  doi       = {10.1145/2500365.2500579},
  timestamp = {Thu, 19 Sep 2013 11:26:38 +0200},
  biburl    = {http://dblp.uni-trier.de/rec/bib/conf/icfp/ZilianiDKNV13},
  bibsource = {dblp computer science bibliography, http://dblp.org}
}
@proceedings{DBLP:conf/icfp/2013,
  editor    = {Greg Morrisett and
               Tarmo Uustalu},
  title     = {{ACM} {SIGPLAN} International Conference on Functional Programming,
               ICFP'13, Boston, MA, {USA} - September 25 - 27, 2013},
  publisher = {{ACM}},
  year      = {2013},
  url       = {http://dl.acm.org/citation.cfm?id=2500365},
  isbn      = {978-1-4503-2326-0},
  timestamp = {Thu, 19 Sep 2013 11:20:00 +0200},
  biburl    = {http://dblp.uni-trier.de/rec/bib/conf/icfp/2013},
  bibsource = {dblp computer science bibliography, http://dblp.org}
}


@inproceedings{DelahayeField,
  author    = {David Delahaye and
               Micaela Mayero},
  title     = {Field, une proc{\'{e}}dure de d{\'{e}}cision pour les nombres
               r{\'{e}}els en Coq},
  booktitle = {Journ{\'{e}}es francophones des langages applicatifs (JFLA'01),
               Pontarlier, France, Janvier, 2001},
  pages     = {33--48},
  year      = {2001},
  crossref  = {DBLP:conf/jfla/2001},
  timestamp = {Thu, 09 Feb 2006 12:05:13 +0100},
  biburl    = {http://dblp.uni-trier.de/rec/bib/conf/jfla/DelahayeM01},
  bibsource = {dblp computer science bibliography, http://dblp.org}
}
@proceedings{DBLP:conf/jfla/2001,
  editor    = {Pierre Cast{\'{e}}ran},
  title     = {Journ{\'{e}}es francophones des langages applicatifs (JFLA'01),
               Pontarlier, France, Janvier, 2001},
  series    = {Collection Didactique},
  publisher = {{INRIA}},
  year      = {2001},
  isbn      = {2-7261-1154-8},
  timestamp = {Thu, 09 Feb 2006 12:05:13 +0100},
  biburl    = {http://dblp.uni-trier.de/rec/bib/conf/jfla/2001},
  bibsource = {dblp computer science bibliography, http://dblp.org}
}


@techreport{Cregut04,
  TITLE = {{Une proc{\'{e}}dure de d{\'{e}}cision reflexive pour un fragment de l'arithm{\'{e}}tique de presburger. In Journ{\'{e}}es Francophones des Langages Applicatifs.}},
  AUTHOR = {P Cr{\'{e}}gut},
  SERIES    = {Collection Didactique},
  YEAR = {2004},
}


@inproceedings{Lindblad04,
 author = {Lindblad, Fredrik and Benke, Marcin},
 title = {A Tool for Automated Theorem Proving in Agda},
 booktitle = {Proceedings of the 2004 International Conference on Types for Proofs and Programs},
 series = {TYPES'04},
 year = {2006},
 isbn = {3-540-31428-8, 978-3-540-31428-8},
 location = {Jouy-en-Josas, France},
 pages = {154--169},
 numpages = {16},
 url = {http://dx.doi.org/10.1007/11617990_10},
 doi = {10.1007/11617990_10},
 acmid = {2150519},
 publisher = {Springer-Verlag},
 address = {Berlin, Heidelberg},
} 

@inproceedings{Malecha14,
  author    = {Gregory Malecha and
               Adam Chlipala and
               Thomas Braibant},
  title     = {Compositional Computational Reflection},
  booktitle = {Interactive Theorem Proving - 5th International Conference, {ITP}
               2014, Held as Part of the Vienna Summer of Logic, {VSL} 2014, Vienna,
               Austria, July 14-17, 2014. Proceedings},
  pages     = {374--389},
  year      = {2014},
  crossref  = {DBLP:conf/itp/2014},
  url       = {http://dx.doi.org/10.1007/978-3-319-08970-6_24},
  doi       = {10.1007/978-3-319-08970-6_24},
  timestamp = {Mon, 30 Jun 2014 12:30:02 +0200},
  biburl    = {http://dblp.uni-trier.de/rec/bib/conf/itp/MalechaCB14},
  bibsource = {dblp computer science bibliography, http://dblp.org}
}
@proceedings{DBLP:conf/itp/2014,
  editor    = {Gerwin Klein and
               Ruben Gamboa},
  title     = {Interactive Theorem Proving - 5th International Conference, {ITP}
               2014, Held as Part of the Vienna Summer of Logic, {VSL} 2014, Vienna,
               Austria, July 14-17, 2014. Proceedings},
  series    = {Lecture Notes in Computer Science},
  volume    = {8558},
  publisher = {Springer},
  year      = {2014},
  url       = {http://dx.doi.org/10.1007/978-3-319-08970-6},
  doi       = {10.1007/978-3-319-08970-6},
  isbn      = {978-3-319-08969-0},
  timestamp = {Mon, 30 Jun 2014 12:25:01 +0200},
  biburl    = {http://dblp.uni-trier.de/rec/bib/conf/itp/2014},
  bibsource = {dblp computer science bibliography, http://dblp.org}
}

@book{ChlipalaBook,
  author    = {Adam Chlipala},
  title     = {Certified Programming with Dependent Types - {A} Pragmatic Introduction
               to the Coq Proof Assistant},
  publisher = {{MIT} Press},
  year      = {2013},
  url       = {http://mitpress.mit.edu/books/certified-programming-dependent-types},
  isbn      = {978-0-262-02665-9},
  timestamp = {Mon, 11 May 2015 16:37:23 +0200},
  biburl    = {http://dblp.uni-trier.de/rec/bib/books/daglib/0035083},
  bibsource = {dblp computer science bibliography, http://dblp.org}
}


@techreport{GonthierTuto,
  TITLE = {{An Ssreflect Tutorial}},
  AUTHOR = {Gonthier, Georges and St{\'e}phane Le, Roux},
  URL = {https://hal.inria.fr/inria-00407778},
  TYPE = {Technical Report},
  NUMBER = {RT-0367},
  PAGES = {33},
  INSTITUTION = {{INRIA}},
  YEAR = {2009},
  KEYWORDS = {proof assistants ; formal proofs ; Coq ; small scale reflection ; tactics},
  PDF = {https://hal.inria.fr/inria-00407778/file/RT-367.pdf},
  HAL_ID = {inria-00407778},
  HAL_VERSION = {v1},
}

@article{DelahayeLTac,
  author    = {David Delahaye},
  title     = {A Proof Dedicated Meta-Language},
  journal   = {Electr. Notes Theor. Comput. Sci.},
  volume    = {70},
  number    = {2},
  pages     = {96--109},
  year      = {2002},
  url       = {http://dx.doi.org/10.1016/S1571-0661(04)80508-5},
  doi       = {10.1016/S1571-0661(04)80508-5},
  timestamp = {Tue, 21 Jun 2011 16:43:28 +0200},
  biburl    = {http://dblp.uni-trier.de/rec/bib/journals/entcs/Delahaye02},
  bibsource = {dblp computer science bibliography, http://dblp.org}
}

@inproceedings{DelahayeModulo,
  author    = {David Delahaye and
               Damien Doligez and
               Fr{\'{e}}d{\'{e}}ric Gilbert and
               Pierre Halmagrand and
               Olivier Hermant},
  title     = {Zenon Modulo: When Achilles Outruns the Tortoise Using Deduction Modulo},
  booktitle = {Logic for Programming, Artificial Intelligence, and Reasoning - 19th
               International Conference, LPAR-19, Stellenbosch, South Africa, December
               14-19, 2013. Proceedings},
  pages     = {274--290},
  year      = {2013},
  crossref  = {DBLP:conf/lpar/2013},
  url       = {http://dx.doi.org/10.1007/978-3-642-45221-5_20},
  doi       = {10.1007/978-3-642-45221-5_20},
  timestamp = {Fri, 20 Dec 2013 14:41:17 +0100},
  biburl    = {http://dblp.uni-trier.de/rec/bib/conf/lpar/DelahayeDGHH13},
  bibsource = {dblp computer science bibliography, http://dblp.org}
}
@proceedings{DBLP:conf/lpar/2013,
  editor    = {Kenneth L. McMillan and
               Aart Middeldorp and
               Andrei Voronkov},
  title     = {Logic for Programming, Artificial Intelligence, and Reasoning - 19th
               International Conference, LPAR-19, Stellenbosch, South Africa, December
               14-19, 2013. Proceedings},
  series    = {Lecture Notes in Computer Science},
  volume    = {8312},
  publisher = {Springer},
  year      = {2013},
  url       = {http://dx.doi.org/10.1007/978-3-642-45221-5},
  doi       = {10.1007/978-3-642-45221-5},
  isbn      = {978-3-642-45220-8},
  timestamp = {Fri, 20 Dec 2013 14:36:05 +0100},
  biburl    = {http://dblp.uni-trier.de/rec/bib/conf/lpar/2013},
  bibsource = {dblp computer science bibliography, http://dblp.org}
}

@article{Leroy09,
  author    = {Xavier Leroy},
  title     = {A formally verified compiler back-end},
  journal   = {CoRR},
  volume    = {abs/0902.2137},
  year      = {2009},
  url       = {http://arxiv.org/abs/0902.2137},
  timestamp = {Mon, 05 Dec 2011 18:05:24 +0100},
  biburl    = {http://dblp.uni-trier.de/rec/bib/journals/corr/abs-0902-2137},
  bibsource = {dblp computer science bibliography, http://dblp.org}
}



@inproceedings{DBLP:conf/mpc/KokkeS15,
  author    = {Pepijn Kokke and
               Wouter Swierstra},
  title     = {Auto in Agda - Programming Proof Search Using Reflection},
  booktitle = {Mathematics of Program Construction - 12th International Conference,
               {MPC} 2015, K{\"{o}}nigswinter, Germany, June 29 - July 1, 2015.
               Proceedings},
  pages     = {276--301},
  year      = {2015},
  crossref  = {DBLP:conf/mpc/2015},
  url       = {http://dx.doi.org/10.1007/978-3-319-19797-5_14},
  doi       = {10.1007/978-3-319-19797-5_14},
  timestamp = {Tue, 09 Jun 2015 13:13:03 +0200},
  biburl    = {http://dblp.uni-trier.de/rec/bib/conf/mpc/KokkeS15},
  bibsource = {dblp computer science bibliography, http://dblp.org}
}

@proceedings{DBLP:conf/mpc/2015,
  editor    = {Ralf Hinze and
               Janis Voigtl{\"{a}}nder},
  title     = {Mathematics of Program Construction - 12th International Conference,
               {MPC} 2015, K{\"{o}}nigswinter, Germany, June 29 - July 1, 2015.
               Proceedings},
  series    = {Lecture Notes in Computer Science},
  volume    = {9129},
  publisher = {Springer},
  year      = {2015},
  url       = {http://dx.doi.org/10.1007/978-3-319-19797-5},
  doi       = {10.1007/978-3-319-19797-5},
  isbn      = {978-3-319-19796-8},
  timestamp = {Tue, 09 Jun 2015 13:11:48 +0200},
  biburl    = {http://dblp.uni-trier.de/rec/bib/conf/mpc/2015},
  bibsource = {dblp computer science bibliography, http://dblp.org}
}

