@article{brady2013idris,
author = {Edwin Brady},
title = {Idris, a general-purpose dependently typed programming language: Design and implementation},
journal = {Journal of Functional Programming},
volume = {23},
issue = {05},
month = {September},
year = {2013},
issn = {1469-7653},
pages = {552--593},
numpages = {42},
doi = {10.1017/S095679681300018X},
URL = {http://journals.cambridge.org/article_S095679681300018X},
}

@inproceedings{Coq2005,
author = {Gregoire, Benjamin and Mahboubi, Assia},
booktitle = {{Theorem Proving in Higher Order Logics (TPHOLS 2005)}},
file = {:Users/edwin/Documents/Mendeley Desktop/Gregoire, Mahboubi/Proving Equalities in a Commutative Ring Done Right in Coq/Gregoire, Mahboubi - Proving Equalities in a Commutative Ring Done Right in Coq - 2005.pdf:pdf},
pages = {98----113},
title = {{Proving Equalities in a Commutative Ring Done Right in Coq}},
url = {http://citeseerx.ist.psu.edu/viewdoc/summary?doi=10.1.1.61.3041},
year = {2005}
}

@inproceedings{Ziliani13,
  author    = {Beta Ziliani and et al.},
  title     = {Mtac: a monad for typed tactic programming in Coq},
  booktitle = {{ACM} {SIGPLAN} International Conference on Functional Programming,
               ICFP'13, Boston, MA, {USA} - September 25 - 27, 2013},
  pages     = {87--100},
  year      = {2013},
  crossref  = {DBLP:conf/icfp/2013},
  url       = {http://doi.acm.org/10.1145/2500365.2500579},
  doi       = {10.1145/2500365.2500579},
  timestamp = {Thu, 19 Sep 2013 11:26:38 +0200},
  biburl    = {http://dblp.uni-trier.de/rec/bib/conf/icfp/ZilianiDKNV13},
  bibsource = {dblp computer science bibliography, http://dblp.org}
}
@proceedings{DBLP:conf/icfp/2013,
  editor    = {Greg Morrisett and
               Tarmo Uustalu},
  title     = {{ACM} {SIGPLAN} International Conference on Functional Programming,
               ICFP'13, Boston, MA, {USA} - September 25 - 27, 2013},
  publisher = {{ACM}},
  year      = {2013},
  url       = {http://dl.acm.org/citation.cfm?id=2500365},
  isbn      = {978-1-4503-2326-0},
  timestamp = {Thu, 19 Sep 2013 11:20:00 +0200},
  biburl    = {http://dblp.uni-trier.de/rec/bib/conf/icfp/2013},
  bibsource = {dblp computer science bibliography, http://dblp.org}
}  

@article{Leroy09,
  author    = {Xavier Leroy},
  title     = {A formally verified compiler back-end},
  journal   = {CoRR},
  volume    = {abs/0902.2137},
  year      = {2009},
  url       = {http://arxiv.org/abs/0902.2137},
  timestamp = {Mon, 05 Dec 2011 18:05:24 +0100},
  biburl    = {http://dblp.uni-trier.de/rec/bib/journals/corr/abs-0902-2137},
  bibsource = {dblp computer science bibliography, http://dblp.org}
}  
  
@article{DelahayeLTac,
  author    = {David Delahaye},
  title     = {A Proof Dedicated Meta-Language},
  journal   = {Electr. Notes Theor. Comput. Sci.},
  volume    = {70},
  number    = {2},
  pages     = {96--109},
  year      = {2002},
  url       = {http://dx.doi.org/10.1016/S1571-0661(04)80508-5},
  doi       = {10.1016/S1571-0661(04)80508-5},
  timestamp = {Tue, 21 Jun 2011 16:43:28 +0200},
  biburl    = {http://dblp.uni-trier.de/rec/bib/journals/entcs/Delahaye02},
  bibsource = {dblp computer science bibliography, http://dblp.org}
}

@article{Slama2016,
author = {Franck Slama, Edwin Brady},
title = {Automatically proving equivalence by type-safe reflection (draft under consideration)},
journal = {Journal of Functional Programming},
year = {2016},
URL = {https://fs39.host.cs.st-andrews.ac.uk/publications/paper_Slama_Brady_JFP.pdf},
}

@article{DeMillo1979,
  author    = {Richard A. DeMillo and
               Richard J. Lipton and
               Alan J. Perlis},
  title     = {Social Processes and Proofs of Theorems and Programs},
  journal   = {Commun. {ACM}},
  volume    = {22},
  number    = {5},
  pages     = {271--280},
  year      = {1979},
  url       = {http://doi.acm.org/10.1145/359104.359106},
  doi       = {10.1145/359104.359106},
  timestamp = {Tue, 07 Jun 2011 16:51:17 +0200},
  biburl    = {http://dblp.uni-trier.de/rec/bib/journals/cacm/DeMilloLP79},
  bibsource = {dblp computer science bibliography, http://dblp.org}
}

@inproceedings{Krebbers2014,
  TITLE = {{Formal C semantics: CompCert and the C standard}},
  AUTHOR = {Krebbers, Robbert and Leroy, Xavier and Wiedijk, Freek},
  URL = {https://hal.inria.fr/hal-00981212},
  BOOKTITLE = {{ITP 2014: Fifth conference on Interactive Theorem Proving}},
  ADDRESS = {Vienna, Austria},
  PUBLISHER = {{Springer}},
  SERIES = {Lecture Notes in Computer Science},
  VOLUME = {8558},
  PAGES = {543-548},
  YEAR = {2014},
  MONTH = Jul,
  DOI = {10.1007/978-3-319-08970-6\_36},
  PDF = {https://hal.inria.fr/hal-00981212/file/Formal-C-CompCert.pdf},
  HAL_ID = {hal-00981212},
  HAL_VERSION = {v1},
}

@book{Bertot2004,
  author    = {Yves Bertot and
               Pierre Cast{\'{e}}ran},
  title     = {Interactive Theorem Proving and Program Development - Coq'Art: The
               Calculus of Inductive Constructions},
  series    = {Texts in Theoretical Computer Science. An {EATCS} Series},
  publisher = {Springer},
  year      = {2004},
  url       = {http://dx.doi.org/10.1007/978-3-662-07964-5},
  doi       = {10.1007/978-3-662-07964-5},
  isbn      = {978-3-642-05880-6},
  timestamp = {Wed, 09 Sep 2015 16:46:05 +0200},
  biburl    = {http://dblp.uni-trier.de/rec/bib/series/txtcs/BertotC04},
  bibsource = {dblp computer science bibliography, http://dblp.org}
}


@inproceedings{Norell2008,
  author    = {Ulf Norell},
  title     = {Dependently Typed Programming in Agda},
  booktitle = {Advanced Functional Programming, 6th International School, {AFP} 2008,
               Heijen, The Netherlands, May 2008, Revised Lectures},
  pages     = {230--266},
  year      = {2008},
  crossref  = {DBLP:conf/afp/2008},
  url       = {http://dx.doi.org/10.1007/978-3-642-04652-0_5},
  doi       = {10.1007/978-3-642-04652-0_5},
  timestamp = {Thu, 01 Oct 2009 15:36:59 +0200},
  biburl    = {http://dblp.uni-trier.de/rec/bib/conf/afp/Norell08},
  bibsource = {dblp computer science bibliography, http://dblp.org}
}
@proceedings{DBLP:conf/afp/2008,
  editor    = {Pieter W. M. Koopman and
               Rinus Plasmeijer and
               S. Doaitse Swierstra},
  title     = {Advanced Functional Programming, 6th International School, {AFP} 2008,
               Heijen, The Netherlands, May 2008, Revised Lectures},
  series    = {Lecture Notes in Computer Science},
  volume    = {5832},
  publisher = {Springer},
  year      = {2009},
  url       = {http://dx.doi.org/10.1007/978-3-642-04652-0},
  doi       = {10.1007/978-3-642-04652-0},
  isbn      = {978-3-642-04651-3},
  timestamp = {Thu, 01 Oct 2009 15:36:59 +0200},
  biburl    = {http://dblp.uni-trier.de/rec/bib/conf/afp/2008},
  bibsource = {dblp computer science bibliography, http://dblp.org}
}  


@inproceedings{Abrial1991,
  author    = {Jean{-}Raymond Abrial and et al.},
  title     = {The B-Method},
  booktitle = {{VDM} '91 - Formal Software Development, 4th International Symposium
               of {VDM} Europe, Noordwijkerhout, The Netherlands, October 21-25,
               1991, Proceedings, Volume 2: Tutorials},
  pages     = {398--405},
  year      = {1991},
  crossref  = {DBLP:conf/fm/1991-2},
  url       = {http://dx.doi.org/10.1007/BFb0020001},
  doi       = {10.1007/BFb0020001},
  timestamp = {Wed, 07 Oct 2009 17:11:20 +0200},
  biburl    = {http://dblp.uni-trier.de/rec/bib/conf/fm/AbrialLNSS91},
  bibsource = {dblp computer science bibliography, http://dblp.org}
}
@proceedings{DBLP:conf/fm/1991-2,
  editor    = {S{\o}ren Prehn and
               W. J. Toetenel},
  title     = {{VDM} '91 - Formal Software Development, 4th International Symposium
               of {VDM} Europe, Noordwijkerhout, The Netherlands, October 21-25,
               1991, Proceedings, Volume 2: Tutorials},
  series    = {Lecture Notes in Computer Science},
  volume    = {552},
  publisher = {Springer},
  year      = {1991},
  isbn      = {3-540-54868-8},
  timestamp = {Fri, 03 Jan 2003 10:14:35 +0100},
  biburl    = {http://dblp.uni-trier.de/rec/bib/conf/fm/1991-2},
  bibsource = {dblp computer science bibliography, http://dblp.org}
}