
@inproceedings{Brady2013pra,
 author = {Brady, Edwin},
 title = {Programming and reasoning with algebraic effects and dependent types},
 booktitle = {Proceedings of the 18th ACM SIGPLAN international conference on Functional programming},
 series = {ICFP '13},
 year = {2013},
 isbn = {978-1-4503-2326-0},
 location = {Boston, Massachusetts, USA},
 pages = {133--144},
 numpages = {12},
 url = {http://doi.acm.org/10.1145/2500365.2500581},
 doi = {10.1145/2500365.2500581},
 acmid = {2500581},
 publisher = {ACM},
 address = {New York, NY, USA},
 keywords = {algebraic effects, dependent types},
} 
